1495 2608
645 130 661 160 ‘1
674 132 689 162 1
1039 157 1042 160 Α

93 182 250 232 Verum
275 193 313 223 te
333 189 454 221 nemo
479 118 644 236 reliqffas
668 115 847 238 mgstigat
873 191 920 222 ut
939 177 1076 224 herbas
1090 207 1125 237 ,·

149 242 213 284 Te
235 233 375 283 merit&
395 233 554 294 julgans
577 233 691 278 dente
716 249 843 279 tocare
868 235 1002 287 nefas3

40 308 42 312 ’
94 298 169 344 Ast
195 294 396 354 respeitos&
420 290 596 337 devolvit
620 297 661 335 in
684 309 750 336 ore
772 295 946 338 maneirfi
957 326 974 349 ,

154 358 307 399 Curans
322 383 337 405 ,
363 355 551 408 triparum
577 350 723 410 nequid
748 356 790 394 in
815 366 922 394 antra
943 353 1063 396 cadat.

94 414 164 460 Est
187 410 323 470 aliquis
351 407 537 466 (fateor)
563 411 629 466 qui
651 421 688 450 te
708 409 948 467 'queimando
973 410 1178 457 cachimbo
1191 442 1209 470 ,

154 472 339 513 Poucum
365 464 429 508 res
450 470 571 509 eitum
596 463 759 509 mbstrat
784 465 921 509 habere
946 468 1030 511 tibi.

95 526 252 576 Veer
273 523 350 567 hoc
372 481 519 581 regesti
541 538 788 582 nequaquam
810 524 864 567 est
883 523 974 567 falta
987 542 1000 576 3
1030 526 1092 571 sed
1116 528 1210 573 istos
1245 568 1263 572 ⁷⁷

149 585 349 628 Natureza
371 596 489 639 rogos
512 595 549 624 te
575 594 641 624 tua
666 581 761 624 ferre
782 581 903 638 jubet.

96 642 251 690 Venisti
274 638 297 682 ὲ
318 637 449 689 coe103
474 643 514 681 in
536 643 699 698 patriam
722 653 876 682 tornare
901 639 1040 699 desejas
1054 673 1070 696 ,

150 701 282 760 Atque
301 696 419 740 herba
441 702 481 740 in
506 694 638 740 san-sto
662 695 792 740 san-sta
814 696 937 741 sedere
964 696 1069 746 loco,

97 757 198 802 Non
224 770 333 815 potes
357 754 404 797 ad
427 753 583 812 superos
597 786 613 808 ,
634 752 743 799 velut
767 754 907 810 herba,
929 755 1054 800 subire
1066 756 1238 817 lugares:

155 816 244 857 Hos
268 810 488 873 privilegios
511 810 568 854 nil
582 845 597 867 ,
621 812 690 856 nifi
716 812 849 856 fumus
864 845 879 867 ,
904 813 1031 857 habet.

95 870 283 930 cumque
297 902 312 923 ,
326 868 394 912 nist
409 884 453 912 ut
466 868 598 914 furnus
611 904 624 926 ,
639 885 806 930 nequeas
817 868 968 930 lograre
983 874 1092 930 quod
1105 889 1242 935 optas,

154 931 230 971 His
254 927 349 973 solet
374 932 530 970 intentis
553 926 648 970 ferre
674 927 897 972 cachimbus
921 944 1051 987 opem.

96 987 203 1033 Vive
225 1002 318 1044 ergo
330 1015 346 1038 ,
369 983 395 1026 ὸ
408 983 531 1027 honra
551 983 757 1028 herbarum
772 1016 788 1039 ,
812 986 1030 1029 venerande
1050 990 1212 1050 tabaque
1226 1022 1244 1047 ‚

155 1042 297 1087 Escuta
318 1045 360 1084 &
376 1041 494 1100 justas
506 1074 522 1096 ‚
544 1058 637 1100 quas
661 1041 730 1086 tibi
752 1041 879 1086 fundo
906 1058 1056 1100 preces:

99 1101 320 1159 Nunquam
345 1114 408 1143 me
429 1099 558 1142 deixes
571 1132 586 1155 ,
609 1100 687 1144 fine
710 1115 882 1160 namque
900 1103 1020 1145 Poeta
1041 1104 1178 1151 tabaco

152 1160 236 1204 Aut
257 1156 415 1203 nullum
430 1189 446 1214 ,
467 1171 532 1203 aut
554 1174 686 1208 rarum
706 1173 863 1204 carmen
887 1174 987 1204 atate
1009 1163 1147 1218 potest.
